<?xml version="1.0" encoding="UTF-8"?><collection xmlns="http://www.loc.gov/MARC21/slim"><record><leader>00368nam--2200133-i-4500</leader><controlfield tag="001">000008508</controlfield><controlfield tag="002">20161230</controlfield><controlfield tag="005">20161230201027</controlfield><controlfield tag="008">060222s1000------------r-----000-0-eng-d</controlfield><datafield ind1=" " ind2=" " tag="080"><subfield code="a">577.3</subfield></datafield><datafield ind1=" " ind2=" " tag="100"><subfield code="a">Blackburn, Robert T</subfield></datafield><datafield ind1=" " ind2=" " tag="245"><subfield code="a">Interrelations : the biological and physical sciences</subfield></datafield><datafield ind1=" " ind2=" " tag="260"><subfield code="a">Chicago, Scott, Foresman And Co., 1966. Xiii + 242 P</subfield></datafield><datafield ind1=" " ind2=" " tag="852"><subfield code="a">28534</subfield></datafield></record></collection>